%YAML 1.1
%TAG !u! tag:unity3d.com,2011:
--- !u!1 &192884
GameObject:
  m_ObjectHideFlags: 0
  m_PrefabParentObject: {fileID: 0}
  m_PrefabInternal: {fileID: 100100000}
  serializedVersion: 4
  m_Component:
  - 4: {fileID: 418054}
  - 33: {fileID: 3392102}
  - 23: {fileID: 2355374}
  - 65: {fileID: 6539234}
  - 65: {fileID: 6597470}
  - 114: {fileID: 11452320}
  m_Layer: 0
  m_Name: Ladder
  m_TagString: Untagged
  m_Icon: {fileID: 0}
  m_NavMeshLayer: 0
  m_StaticEditorFlags: 0
  m_IsActive: 1
--- !u!4 &418054
Transform:
  m_ObjectHideFlags: 1
  m_PrefabParentObject: {fileID: 0}
  m_PrefabInternal: {fileID: 100100000}
  m_GameObject: {fileID: 192884}
  m_LocalRotation: {x: -2.49060662e-07, y: -.657400608, z: .75354135, w: -2.63410499e-07}
  m_LocalPosition: {x: 3.64299989, y: 6.20900011, z: -2.41199994}
  m_LocalScale: {x: .0013662338, y: .00136623392, z: .00110300002}
  m_Children: []
  m_Father: {fileID: 0}
  m_RootOrder: 0
--- !u!23 &2355374
MeshRenderer:
  m_ObjectHideFlags: 1
  m_PrefabParentObject: {fileID: 0}
  m_PrefabInternal: {fileID: 100100000}
  m_GameObject: {fileID: 192884}
  m_Enabled: 1
  m_CastShadows: 1
  m_ReceiveShadows: 1
  m_Materials:
  - {fileID: 2100000, guid: 5745295ca8e7d7d40a92939ea386f405, type: 2}
  - {fileID: 2100000, guid: c0d5ee58cf4fa1f4fb36b264cc76e5a9, type: 2}
  - {fileID: 2100000, guid: 3616865a9471d5543b5c5b974c968130, type: 2}
  m_SubsetIndices: 
  m_StaticBatchRoot: {fileID: 0}
  m_UseLightProbes: 1
  m_ReflectionProbeUsage: 1
  m_ProbeAnchor: {fileID: 0}
  m_ScaleInLightmap: 1
  m_PreserveUVs: 0
  m_ImportantGI: 0
  m_AutoUVMaxDistance: .5
  m_AutoUVMaxAngle: 89
  m_LightmapParameters: {fileID: 0}
  m_SortingLayerID: 0
  m_SortingOrder: 0
--- !u!33 &3392102
MeshFilter:
  m_ObjectHideFlags: 1
  m_PrefabParentObject: {fileID: 0}
  m_PrefabInternal: {fileID: 100100000}
  m_GameObject: {fileID: 192884}
  m_Mesh: {fileID: 4300000, guid: e3e696c08634d564089c9fa44c5daf51, type: 3}
--- !u!65 &6539234
BoxCollider:
  m_ObjectHideFlags: 1
  m_PrefabParentObject: {fileID: 0}
  m_PrefabInternal: {fileID: 100100000}
  m_GameObject: {fileID: 192884}
  m_Material: {fileID: 0}
  m_IsTrigger: 0
  m_Enabled: 1
  serializedVersion: 2
  m_Size: {x: 594.460022, y: 141, z: 2373}
  m_Center: {x: .000488281104, y: -.000355705881, z: -1097.59998}
--- !u!65 &6597470
BoxCollider:
  m_ObjectHideFlags: 1
  m_PrefabParentObject: {fileID: 0}
  m_PrefabInternal: {fileID: 100100000}
  m_GameObject: {fileID: 192884}
  m_Material: {fileID: 0}
  m_IsTrigger: 1
  m_Enabled: 1
  serializedVersion: 2
  m_Size: {x: 578.880005, y: 427, z: 2774}
  m_Center: {x: -4.36811871e-11, y: -346, z: -1368}
--- !u!114 &11452320
MonoBehaviour:
  m_ObjectHideFlags: 1
  m_PrefabParentObject: {fileID: 0}
  m_PrefabInternal: {fileID: 100100000}
  m_GameObject: {fileID: 192884}
  m_Enabled: 1
  m_EditorHideFlags: 0
  m_Script: {fileID: 11500000, guid: d27f42d4d717b5145bb4d16734dea16f, type: 3}
  m_Name: 
  m_EditorClassIdentifier: 
  playerObject: {fileID: 0}
  speed: 1
--- !u!1001 &100100000
Prefab:
  m_ObjectHideFlags: 1
  serializedVersion: 2
  m_Modification:
    m_TransformParent: {fileID: 0}
    m_Modifications: []
    m_RemovedComponents: []
  m_ParentPrefab: {fileID: 0}
  m_RootGameObject: {fileID: 192884}
  m_IsPrefabParent: 1
