%YAML 1.1
%TAG !u! tag:unity3d.com,2011:
--- !u!241 &24100000
AudioMixerController:
  m_ObjectHideFlags: 0
  m_PrefabParentObject: {fileID: 0}
  m_PrefabInternal: {fileID: 0}
  m_Name: SFXMix
  m_OutputGroup: {fileID: 0}
  m_MasterGroup: {fileID: 24300001}
  m_Snapshots:
  - {fileID: 24500003}
  - {fileID: 24503558}
  - {fileID: 24569060}
  m_StartSnapshot: {fileID: 24569060}
  m_SuspendThreshold: -80
  m_EnableSuspend: 1
  m_ExposedParameters: []
  m_AudioMixerGroupViews:
  - guids:
    - 9b9c9b0dfa2087d44b11410285b809c0
    - b4ecc2e5ae0920c428b5b1d719b1762b
    - 8f1257bce62d2a246ba9017ee9030b0c
    - 8152b42ab7b9f8e4384b08d86eabb167
    - 858e5443b84bfc84582a4130aa9d4841
    - e1ca6a4e76d23c74fb00559aba5fc86a
    - 93873ab6d034a3847b14a97b08ee6d3c
    - 80928e8ec5b20fe4f9cd5ea02ee79a60
    - 260542c20d8595844964736d80c61839
    - 04f5e41eabe842b49af7b890ef902a8d
    name: View
  m_CurrentViewIndex: 0
  m_TargetSnapshot: {fileID: 24500003}
--- !u!243 &24300001
AudioMixerGroupController:
  m_ObjectHideFlags: 0
  m_PrefabParentObject: {fileID: 0}
  m_PrefabInternal: {fileID: 0}
  m_Name: Master
  m_AudioMixer: {fileID: 24100000}
  m_GroupID: 9b9c9b0dfa2087d44b11410285b809c0
  m_Children:
  - {fileID: 24374996}
  - {fileID: 24392154}
  - {fileID: 24381812}
  - {fileID: 24351156}
  - {fileID: 24388818}
  - {fileID: 24343492}
  - {fileID: 24321268}
  - {fileID: 24372228}
  - {fileID: 24381162}
  m_Volume: ea585d3e448722b458ea427145b93f40
  m_Pitch: 18c3989116b468f45b5a073c242906b1
  m_Effects:
  - {fileID: 24400002}
  m_UserColorIndex: 0
  m_Mute: 0
  m_Solo: 0
  m_BypassEffects: 0
--- !u!243 &24321268
AudioMixerGroupController:
  m_ObjectHideFlags: 0
  m_PrefabParentObject: {fileID: 0}
  m_PrefabInternal: {fileID: 0}
  m_Name: HallwayScare
  m_AudioMixer: {fileID: 24100000}
  m_GroupID: 93873ab6d034a3847b14a97b08ee6d3c
  m_Children: []
  m_Volume: 889f9bf17a80e924c89e523ab911401b
  m_Pitch: 6ccbfb850f889f14ca276d416f2491b0
  m_Effects:
  - {fileID: 24473116}
  - {fileID: 24469278}
  - {fileID: 24432058}
  m_UserColorIndex: 0
  m_Mute: 0
  m_Solo: 0
  m_BypassEffects: 0
--- !u!243 &24343492
AudioMixerGroupController:
  m_ObjectHideFlags: 0
  m_PrefabParentObject: {fileID: 0}
  m_PrefabInternal: {fileID: 0}
  m_Name: Reverb (footsteps)
  m_AudioMixer: {fileID: 24100000}
  m_GroupID: e1ca6a4e76d23c74fb00559aba5fc86a
  m_Children: []
  m_Volume: ec4b5924133b3754ea94380a89bd8902
  m_Pitch: 5d0040cc4bbe8234f8b251717bb70bbc
  m_Effects:
  - {fileID: 24433082}
  - {fileID: 24446504}
  - {fileID: 24492494}
  m_UserColorIndex: 0
  m_Mute: 0
  m_Solo: 0
  m_BypassEffects: 0
--- !u!243 &24351156
AudioMixerGroupController:
  m_ObjectHideFlags: 0
  m_PrefabParentObject: {fileID: 0}
  m_PrefabInternal: {fileID: 0}
  m_Name: Footsteps
  m_AudioMixer: {fileID: 24100000}
  m_GroupID: 858e5443b84bfc84582a4130aa9d4841
  m_Children: []
  m_Volume: b1faddcddc4261a4e80933e3ac2d9bec
  m_Pitch: bf53cf2c0abf4b041944402e24e3a39b
  m_Effects:
  - {fileID: 24423960}
  - {fileID: 24477598}
  m_UserColorIndex: 0
  m_Mute: 0
  m_Solo: 0
  m_BypassEffects: 0
--- !u!243 &24372228
AudioMixerGroupController:
  m_ObjectHideFlags: 0
  m_PrefabParentObject: {fileID: 0}
  m_PrefabInternal: {fileID: 0}
  m_Name: Doors
  m_AudioMixer: {fileID: 24100000}
  m_GroupID: 80928e8ec5b20fe4f9cd5ea02ee79a60
  m_Children: []
  m_Volume: a4b99c7742e574b438a186f470daf45a
  m_Pitch: e801d4ac6470b354580cfb5991f58780
  m_Effects:
  - {fileID: 24495814}
  - {fileID: 24474508}
  m_UserColorIndex: 0
  m_Mute: 0
  m_Solo: 0
  m_BypassEffects: 0
--- !u!243 &24374996
AudioMixerGroupController:
  m_ObjectHideFlags: 0
  m_PrefabParentObject: {fileID: 0}
  m_PrefabInternal: {fileID: 0}
  m_Name: Wind
  m_AudioMixer: {fileID: 24100000}
  m_GroupID: b4ecc2e5ae0920c428b5b1d719b1762b
  m_Children: []
  m_Volume: 9034f2c613a00214dbeb8e7f4fc5539f
  m_Pitch: aa29a32b0b1538e4388e3a636eda8ee3
  m_Effects:
  - {fileID: 24436922}
  - {fileID: 24452938}
  m_UserColorIndex: 0
  m_Mute: 0
  m_Solo: 0
  m_BypassEffects: 0
--- !u!243 &24381162
AudioMixerGroupController:
  m_ObjectHideFlags: 0
  m_PrefabParentObject: {fileID: 0}
  m_PrefabInternal: {fileID: 0}
  m_Name: Librarian
  m_AudioMixer: {fileID: 24100000}
  m_GroupID: 260542c20d8595844964736d80c61839
  m_Children: []
  m_Volume: a2e3e7b914578fe45b190aa5c88d7ed9
  m_Pitch: 75701fad3652c904c8f3efbb3a5faab7
  m_Effects:
  - {fileID: 24491352}
  - {fileID: 24430380}
  - {fileID: 24490680}
  m_UserColorIndex: 0
  m_Mute: 0
  m_Solo: 0
  m_BypassEffects: 0
--- !u!243 &24381812
AudioMixerGroupController:
  m_ObjectHideFlags: 0
  m_PrefabParentObject: {fileID: 0}
  m_PrefabInternal: {fileID: 0}
  m_Name: Creaks
  m_AudioMixer: {fileID: 24100000}
  m_GroupID: 8f1257bce62d2a246ba9017ee9030b0c
  m_Children: []
  m_Volume: 22cc3fbe92d8a7c48858f4926d05ff5b
  m_Pitch: 8bc3fbf557ebd314995c0cd2a6805093
  m_Effects:
  - {fileID: 24402810}
  - {fileID: 24497638}
  m_UserColorIndex: 0
  m_Mute: 0
  m_Solo: 0
  m_BypassEffects: 0
--- !u!243 &24388818
AudioMixerGroupController:
  m_ObjectHideFlags: 0
  m_PrefabParentObject: {fileID: 0}
  m_PrefabInternal: {fileID: 0}
  m_Name: Reverb
  m_AudioMixer: {fileID: 24100000}
  m_GroupID: 8152b42ab7b9f8e4384b08d86eabb167
  m_Children: []
  m_Volume: 16df1668caec03c4f98c4383d6b694c3
  m_Pitch: 05b598aba1da93c489c0763d5cf4da4d
  m_Effects:
  - {fileID: 24445034}
  - {fileID: 24412886}
  - {fileID: 24412410}
  m_UserColorIndex: 0
  m_Mute: 0
  m_Solo: 0
  m_BypassEffects: 0
--- !u!243 &24392154
AudioMixerGroupController:
  m_ObjectHideFlags: 0
  m_PrefabParentObject: {fileID: 0}
  m_PrefabInternal: {fileID: 0}
  m_Name: Leaves
  m_AudioMixer: {fileID: 24100000}
  m_GroupID: 04f5e41eabe842b49af7b890ef902a8d
  m_Children: []
  m_Volume: 38cd86f52a35d44428ad014bec3a0551
  m_Pitch: 86ade0ffff24b18469ef1c8a74b7d6d2
  m_Effects:
  - {fileID: 24451834}
  - {fileID: 24437622}
  m_UserColorIndex: 0
  m_Mute: 0
  m_Solo: 0
  m_BypassEffects: 0
--- !u!244 &24400002
AudioMixerEffectController:
  m_ObjectHideFlags: 3
  m_PrefabParentObject: {fileID: 0}
  m_PrefabInternal: {fileID: 0}
  m_Name: 
  m_EffectID: d987620acad875342aaaf990fa2053d7
  m_EffectName: Attenuation
  m_MixLevel: c8af416e7c98704428025da4fb3641e8
  m_Parameters: []
  m_SendTarget: {fileID: 0}
  m_EnableWetMix: 0
  m_Bypass: 0
--- !u!244 &24402810
AudioMixerEffectController:
  m_ObjectHideFlags: 3
  m_PrefabParentObject: {fileID: 0}
  m_PrefabInternal: {fileID: 0}
  m_Name: 
  m_EffectID: 17365d7e1742a4e45b804844ea6e4859
  m_EffectName: Attenuation
  m_MixLevel: 4040ed3e241f9bd47a91999bce872222
  m_Parameters: []
  m_SendTarget: {fileID: 0}
  m_EnableWetMix: 0
  m_Bypass: 0
--- !u!244 &24412410
AudioMixerEffectController:
  m_ObjectHideFlags: 3
  m_PrefabParentObject: {fileID: 0}
  m_PrefabInternal: {fileID: 0}
  m_Name: 
  m_EffectID: 2c0f59a0d3ecae343ad1fa7554e47a67
  m_EffectName: SFX Reverb
  m_MixLevel: d3015fcac8ab7a245a5010a73003f067
  m_Parameters:
  - m_ParameterName: Dry Level
    m_GUID: d413132cc9e71404d94094190a3ef886
  - m_ParameterName: Room
    m_GUID: 6ff82e7dc88d45247bed8239a3842e44
  - m_ParameterName: Room HF
    m_GUID: faddaf3eb66d2ed4c952313bd01f67ba
  - m_ParameterName: Decay Time
    m_GUID: 7840367e4756a4a47ae2dd1518ab0ae7
  - m_ParameterName: Decay HF Ratio
    m_GUID: fe8dba219c608e54dad8b4d911ba6f27
  - m_ParameterName: Reflections
    m_GUID: 4a6ec5c3e1751a5409b7a815662b4b8b
  - m_ParameterName: Reflect Delay
    m_GUID: a9c5e0294d484ba49a443d34c8d4a75a
  - m_ParameterName: Reverb
    m_GUID: 6efd0d0b4418b3e43bd46a0a93a31847
  - m_ParameterName: Reverb Delay
    m_GUID: 3a2f26ee50717004183d5ef48c5a41f7
  - m_ParameterName: Diffusion
    m_GUID: f95464b5ac112c1488186b9c4116a8da
  - m_ParameterName: Density
    m_GUID: 64f539803d8bd294f8b295776920adce
  - m_ParameterName: HF Reference
    m_GUID: 0e08e0297f5a76e4c9ad4760ff97723c
  - m_ParameterName: Room LF
    m_GUID: 02c6ee0e834289a4f9e77a573e67168e
  - m_ParameterName: LF Reference
    m_GUID: a58d784391f3e6c4abf73f352472161f
  m_SendTarget: {fileID: 0}
  m_EnableWetMix: 0
  m_Bypass: 0
--- !u!244 &24412886
AudioMixerEffectController:
  m_ObjectHideFlags: 3
  m_PrefabParentObject: {fileID: 0}
  m_PrefabInternal: {fileID: 0}
  m_Name: 
  m_EffectID: 6af5d1feea98e0a4783c793b3802b05b
  m_EffectName: Receive
  m_MixLevel: 839a5cbb895759d4abb8ef5c1a8af71d
  m_Parameters: []
  m_SendTarget: {fileID: 0}
  m_EnableWetMix: 0
  m_Bypass: 0
--- !u!244 &24423960
AudioMixerEffectController:
  m_ObjectHideFlags: 3
  m_PrefabParentObject: {fileID: 0}
  m_PrefabInternal: {fileID: 0}
  m_Name: 
  m_EffectID: 16e36937edd43b74ba48fc83d76ca9f3
  m_EffectName: Attenuation
  m_MixLevel: 40bd37fc1ef8b3541aa952bf53f5b456
  m_Parameters: []
  m_SendTarget: {fileID: 0}
  m_EnableWetMix: 0
  m_Bypass: 0
--- !u!244 &24430380
AudioMixerEffectController:
  m_ObjectHideFlags: 3
  m_PrefabParentObject: {fileID: 0}
  m_PrefabInternal: {fileID: 0}
  m_Name: 
  m_EffectID: 4e56abd0dc5a2d347bf1602431b7ceed
  m_EffectName: SFX Reverb
  m_MixLevel: 1530ef3f1f6b25f4a87cf6b856053bca
  m_Parameters:
  - m_ParameterName: Dry Level
    m_GUID: f2987186cba5f2f40b0c18fa4fdeeacd
  - m_ParameterName: Room
    m_GUID: 8099a30dc473b0848994b61752f2df0d
  - m_ParameterName: Room HF
    m_GUID: f6f7e9dafe1ab0149a858ffd9b798662
  - m_ParameterName: Decay Time
    m_GUID: c40fef91bfe862e4f9c69e4f07171fcd
  - m_ParameterName: Decay HF Ratio
    m_GUID: b0bcf5a95e9946541bb94c2003315e3b
  - m_ParameterName: Reflections
    m_GUID: 1938fe3e2a81ab545b39cd7936f820bc
  - m_ParameterName: Reflect Delay
    m_GUID: ca5bfeb06b196e849bb1998dc02a0526
  - m_ParameterName: Reverb
    m_GUID: b48059d0547418b4099739c1d74d786c
  - m_ParameterName: Reverb Delay
    m_GUID: 6cb85f229bda56f4c9ab56f690590735
  - m_ParameterName: Diffusion
    m_GUID: 7befb92dfb62dd4459e2d05bc852bd20
  - m_ParameterName: Density
    m_GUID: 77bd5e4dc89ea504dbb383cd689d245f
  - m_ParameterName: HF Reference
    m_GUID: e069c735e2847bc47bd658f8ac4f63e7
  - m_ParameterName: Room LF
    m_GUID: 389aad59f88f4154eb61eea494c4df81
  - m_ParameterName: LF Reference
    m_GUID: 32f237b32c1b3a24c9fd52c391fc34e9
  m_SendTarget: {fileID: 0}
  m_EnableWetMix: 0
  m_Bypass: 0
--- !u!244 &24432058
AudioMixerEffectController:
  m_ObjectHideFlags: 3
  m_PrefabParentObject: {fileID: 0}
  m_PrefabInternal: {fileID: 0}
  m_Name: 
  m_EffectID: c1fa6d339034b374ebf449832c32714c
  m_EffectName: SFX Reverb
  m_MixLevel: 299be5bca9c14b249ad2df0908f74524
  m_Parameters:
  - m_ParameterName: Dry Level
    m_GUID: b675d6b474101d4438f41a1859634516
  - m_ParameterName: Room
    m_GUID: ad1b67503076d7a4b892ea77c12c9e51
  - m_ParameterName: Room HF
    m_GUID: 02cff033483e44745a199e4cf2b57f6b
  - m_ParameterName: Decay Time
    m_GUID: c5bf84d18d52edb48b3b422469d59313
  - m_ParameterName: Decay HF Ratio
    m_GUID: b5b0f81afe7b11b4baa317cc5b908162
  - m_ParameterName: Reflections
    m_GUID: 76718498b6bc9044e9a132ac9aab978d
  - m_ParameterName: Reflect Delay
    m_GUID: ac22be9c6d7fa6049a976a40345ce2d1
  - m_ParameterName: Reverb
    m_GUID: 26043329961bb2447a38b5638c2dee65
  - m_ParameterName: Reverb Delay
    m_GUID: 3c3257ec36417224a90c78436d08a80b
  - m_ParameterName: Diffusion
    m_GUID: 009af34bdf75932438d8dbc8b39bb089
  - m_ParameterName: Density
    m_GUID: 91093edd7df25af4b872b4f9128d22af
  - m_ParameterName: HF Reference
    m_GUID: 9e331061dd1a1d64fa07ad98bb57fadc
  - m_ParameterName: Room LF
    m_GUID: 83a8985a243d66a4d9cdd16deca966dd
  - m_ParameterName: LF Reference
    m_GUID: af69221641a4ee64f8c04c4673eaa27e
  m_SendTarget: {fileID: 0}
  m_EnableWetMix: 0
  m_Bypass: 0
--- !u!244 &24433082
AudioMixerEffectController:
  m_ObjectHideFlags: 3
  m_PrefabParentObject: {fileID: 0}
  m_PrefabInternal: {fileID: 0}
  m_Name: 
  m_EffectID: 3d7cb6a33b3d1724781773c25e9d3c65
  m_EffectName: Attenuation
  m_MixLevel: 535a340e29311e0449e80c630309e241
  m_Parameters: []
  m_SendTarget: {fileID: 0}
  m_EnableWetMix: 0
  m_Bypass: 0
--- !u!244 &24436922
AudioMixerEffectController:
  m_ObjectHideFlags: 3
  m_PrefabParentObject: {fileID: 0}
  m_PrefabInternal: {fileID: 0}
  m_Name: 
  m_EffectID: d36f6632789ea594d946b1dc2e889c9e
  m_EffectName: Attenuation
  m_MixLevel: 4675321b35203f44293b8f64a5f22d8f
  m_Parameters: []
  m_SendTarget: {fileID: 0}
  m_EnableWetMix: 0
  m_Bypass: 0
--- !u!244 &24437622
AudioMixerEffectController:
  m_ObjectHideFlags: 3
  m_PrefabParentObject: {fileID: 0}
  m_PrefabInternal: {fileID: 0}
  m_Name: 
  m_EffectID: ca19ebc30d4ab904d8006d03ecbba300
  m_EffectName: Send
  m_MixLevel: c0c0d1574f0294743b42e0f7d3cf7ee1
  m_Parameters: []
  m_SendTarget: {fileID: 24412886}
  m_EnableWetMix: 0
  m_Bypass: 0
--- !u!244 &24445034
AudioMixerEffectController:
  m_ObjectHideFlags: 3
  m_PrefabParentObject: {fileID: 0}
  m_PrefabInternal: {fileID: 0}
  m_Name: 
  m_EffectID: bc6011f6d32861c4f8706d13d5565932
  m_EffectName: Attenuation
  m_MixLevel: 42dbf77da126a154eb889381bb986ab7
  m_Parameters: []
  m_SendTarget: {fileID: 0}
  m_EnableWetMix: 0
  m_Bypass: 0
--- !u!244 &24446504
AudioMixerEffectController:
  m_ObjectHideFlags: 3
  m_PrefabParentObject: {fileID: 0}
  m_PrefabInternal: {fileID: 0}
  m_Name: 
  m_EffectID: 09b2898b7c7db50449e2e581db8d9f0c
  m_EffectName: Receive
  m_MixLevel: 1552f54cb7b9c53479a909a59d30d33a
  m_Parameters: []
  m_SendTarget: {fileID: 0}
  m_EnableWetMix: 0
  m_Bypass: 0
--- !u!244 &24451834
AudioMixerEffectController:
  m_ObjectHideFlags: 3
  m_PrefabParentObject: {fileID: 0}
  m_PrefabInternal: {fileID: 0}
  m_Name: 
  m_EffectID: da516d29c6b86874188b19a3c5a9232b
  m_EffectName: Attenuation
  m_MixLevel: 9cc160b77d2d1884c964dc05ebd5ed87
  m_Parameters: []
  m_SendTarget: {fileID: 0}
  m_EnableWetMix: 0
  m_Bypass: 0
--- !u!244 &24452938
AudioMixerEffectController:
  m_ObjectHideFlags: 3
  m_PrefabParentObject: {fileID: 0}
  m_PrefabInternal: {fileID: 0}
  m_Name: 
  m_EffectID: 0d53053414b6dfe419a729c207806e03
  m_EffectName: Send
  m_MixLevel: b793725be10fa1b48a7de7d67041949d
  m_Parameters: []
  m_SendTarget: {fileID: 24412886}
  m_EnableWetMix: 0
  m_Bypass: 0
--- !u!244 &24469278
AudioMixerEffectController:
  m_ObjectHideFlags: 3
  m_PrefabParentObject: {fileID: 0}
  m_PrefabInternal: {fileID: 0}
  m_Name: 
  m_EffectID: bca02cefe280a92428087c00d03d055a
  m_EffectName: Lowpass Simple
  m_MixLevel: 3db8bed99eeaf3c42beac3256ef4118b
  m_Parameters:
  - m_ParameterName: Cutoff freq
    m_GUID: 3d0acff7ce7ab0f479d4095aff97bd22
  m_SendTarget: {fileID: 0}
  m_EnableWetMix: 0
  m_Bypass: 0
--- !u!244 &24473116
AudioMixerEffectController:
  m_ObjectHideFlags: 3
  m_PrefabParentObject: {fileID: 0}
  m_PrefabInternal: {fileID: 0}
  m_Name: 
  m_EffectID: 9c00349bab9fc8048b9210bc14927c1f
  m_EffectName: Attenuation
  m_MixLevel: 8a993b1ed8263eb41841f62538db61a3
  m_Parameters: []
  m_SendTarget: {fileID: 0}
  m_EnableWetMix: 0
  m_Bypass: 0
--- !u!244 &24474508
AudioMixerEffectController:
  m_ObjectHideFlags: 3
  m_PrefabParentObject: {fileID: 0}
  m_PrefabInternal: {fileID: 0}
  m_Name: 
  m_EffectID: f42c6db8c5fd49e4d9e6d3ae3dcb1a3c
  m_EffectName: SFX Reverb
  m_MixLevel: 4bb3ecd7541d07846bb9942bbe459824
  m_Parameters:
  - m_ParameterName: Dry Level
    m_GUID: b846d0c125b855a41b386b7c018ec576
  - m_ParameterName: Room
    m_GUID: f43d4b012142ef748902b2dc786a1ca5
  - m_ParameterName: Room HF
    m_GUID: fd99ba5da23631942bdfead2b69a787b
  - m_ParameterName: Decay Time
    m_GUID: 5223375ffd857c1488c9363770b02c69
  - m_ParameterName: Decay HF Ratio
    m_GUID: a9bfecc3145fe0e4a8a70a12eaec6810
  - m_ParameterName: Reflections
    m_GUID: b85a247466e86374592fa6f07622f476
  - m_ParameterName: Reflect Delay
    m_GUID: 191351fb973eb6a4bbcfc8d8912073e6
  - m_ParameterName: Reverb
    m_GUID: ad29443cfc22bb1408a1eda68459da3b
  - m_ParameterName: Reverb Delay
    m_GUID: fd22cdda90c859f46b4cf90d432c6cd7
  - m_ParameterName: Diffusion
    m_GUID: efafad741c4e28643b4ccf8192e47e63
  - m_ParameterName: Density
    m_GUID: 062e2fc47c427ab4e849d3c2dd6aaf6e
  - m_ParameterName: HF Reference
    m_GUID: 3d7eaab882dff3b44b6e188b8dffb90d
  - m_ParameterName: Room LF
    m_GUID: 8b7a11aa1f0ad8c40b672feaab0aa85b
  - m_ParameterName: LF Reference
    m_GUID: 6fc783e4ae880e34ab0d11b821d63f3d
  m_SendTarget: {fileID: 0}
  m_EnableWetMix: 0
  m_Bypass: 0
--- !u!244 &24477598
AudioMixerEffectController:
  m_ObjectHideFlags: 3
  m_PrefabParentObject: {fileID: 0}
  m_PrefabInternal: {fileID: 0}
  m_Name: 
  m_EffectID: d2f47b1f036c8c4498eefec6a8e3dd51
  m_EffectName: Send
  m_MixLevel: c971995f0780e6f449bc4c15bb561f3b
  m_Parameters: []
  m_SendTarget: {fileID: 24446504}
  m_EnableWetMix: 0
  m_Bypass: 0
--- !u!244 &24490680
AudioMixerEffectController:
  m_ObjectHideFlags: 3
  m_PrefabParentObject: {fileID: 0}
  m_PrefabInternal: {fileID: 0}
  m_Name: 
  m_EffectID: 33873761f130e844385b42e5d3e3ce23
  m_EffectName: Echo
  m_MixLevel: 9fd3c0dde73edad4498026d2fcbf91ef
  m_Parameters:
  - m_ParameterName: Delay
    m_GUID: aa028f875de37204bb2ae3a2f5afb06a
  - m_ParameterName: Decay
    m_GUID: 371cbec622519a5439af8bc0e598cf3d
  - m_ParameterName: Max channels
    m_GUID: 4ac8c73e2b7264a478e84b1dc18a7518
  - m_ParameterName: Drymix
    m_GUID: 48525d7dfeddf3f48ae3f115229de583
  - m_ParameterName: Wetmix
    m_GUID: 710e70a891576614988f59a6d8ae93df
  m_SendTarget: {fileID: 0}
  m_EnableWetMix: 0
  m_Bypass: 0
--- !u!244 &24491352
AudioMixerEffectController:
  m_ObjectHideFlags: 3
  m_PrefabParentObject: {fileID: 0}
  m_PrefabInternal: {fileID: 0}
  m_Name: 
  m_EffectID: 6266cc8ba3804814fa4f42303385b6a0
  m_EffectName: Attenuation
  m_MixLevel: a0879fe872bac4a4782bbc8a9edd7594
  m_Parameters: []
  m_SendTarget: {fileID: 0}
  m_EnableWetMix: 0
  m_Bypass: 0
--- !u!244 &24492494
AudioMixerEffectController:
  m_ObjectHideFlags: 3
  m_PrefabParentObject: {fileID: 0}
  m_PrefabInternal: {fileID: 0}
  m_Name: 
  m_EffectID: 6898a9806c793f84db47e82bc9cae81e
  m_EffectName: SFX Reverb
  m_MixLevel: efe7462ebbacadf488addd5fb514d2c6
  m_Parameters:
  - m_ParameterName: Dry Level
    m_GUID: 94093a660c4413c419ed278a4217c206
  - m_ParameterName: Room
    m_GUID: b8ebf6eb5b484fa4ab8ed1972f387d5f
  - m_ParameterName: Room HF
    m_GUID: 981ab2ef57c62a84e8ed9fffafc89952
  - m_ParameterName: Decay Time
    m_GUID: 3a7b162c5502aaa45b7967891ccc0101
  - m_ParameterName: Decay HF Ratio
    m_GUID: d2e4542fb3524654684b289ae11503ef
  - m_ParameterName: Reflections
    m_GUID: 74d2ccf1727315946a63296fb7b2b7dc
  - m_ParameterName: Reflect Delay
    m_GUID: ba967a9211edb164096f6a68863a8841
  - m_ParameterName: Reverb
    m_GUID: b3257b872060f7544b154b0b743c455d
  - m_ParameterName: Reverb Delay
    m_GUID: 90b9d90d8fcd24c40a68bf0135ddd057
  - m_ParameterName: Diffusion
    m_GUID: 58c27bc3b21f5604792395c5a3842e17
  - m_ParameterName: Density
    m_GUID: d1f42073f20d73c4a96f5fa33e05e9b2
  - m_ParameterName: HF Reference
    m_GUID: 843bb49aa18d9674499efd07e14aea84
  - m_ParameterName: Room LF
    m_GUID: 1f9bd2211df2cea48a83c006305aeb53
  - m_ParameterName: LF Reference
    m_GUID: 0f9456b08a979bf4f8d4f6d99a0f75b7
  m_SendTarget: {fileID: 0}
  m_EnableWetMix: 0
  m_Bypass: 0
--- !u!244 &24495814
AudioMixerEffectController:
  m_ObjectHideFlags: 3
  m_PrefabParentObject: {fileID: 0}
  m_PrefabInternal: {fileID: 0}
  m_Name: 
  m_EffectID: e5ef96001e04842429b1ae372b141d89
  m_EffectName: Attenuation
  m_MixLevel: 99483c3e77471fd4ba3e7764961644cd
  m_Parameters: []
  m_SendTarget: {fileID: 0}
  m_EnableWetMix: 0
  m_Bypass: 0
--- !u!244 &24497638
AudioMixerEffectController:
  m_ObjectHideFlags: 3
  m_PrefabParentObject: {fileID: 0}
  m_PrefabInternal: {fileID: 0}
  m_Name: 
  m_EffectID: 627811c61b0e76e4f832a7db98894b11
  m_EffectName: Send
  m_MixLevel: 1e3375575a206f54b95dab40148df892
  m_Parameters: []
  m_SendTarget: {fileID: 24412886}
  m_EnableWetMix: 0
  m_Bypass: 0
--- !u!245 &24500003
AudioMixerSnapshotController:
  m_ObjectHideFlags: 0
  m_PrefabParentObject: {fileID: 0}
  m_PrefabInternal: {fileID: 0}
  m_Name: Outside
  m_AudioMixer: {fileID: 24100000}
  m_SnapshotID: d11bdf3a188daba4792f2603b8f0bdb1
  m_FloatValues:
    ad1b67503076d7a4b892ea77c12c9e51: -2269
    f43d4b012142ef748902b2dc786a1ca5: -200
    9e331061dd1a1d64fa07ad98bb57fadc: 14689
    c40fef91bfe862e4f9c69e4f07171fcd: 2
    b846d0c125b855a41b386b7c018ec576: 0
    c5bf84d18d52edb48b3b422469d59313: 1.5
    889f9bf17a80e924c89e523ab911401b: 5.46784353
    74d2ccf1727315946a63296fb7b2b7dc: 0
    ba967a9211edb164096f6a68863a8841: .215000004
    b85a247466e86374592fa6f07622f476: -2112
    b675d6b474101d4438f41a1859634516: 0
    94093a660c4413c419ed278a4217c206: -10000
    371cbec622519a5439af8bc0e598cf3d: .22299999
    b3257b872060f7544b154b0b743c455d: 0
    aa028f875de37204bb2ae3a2f5afb06a: 1068
    76718498b6bc9044e9a132ac9aab978d: -1589
    710e70a891576614988f59a6d8ae93df: .232999995
    a2e3e7b914578fe45b190aa5c88d7ed9: 9.92588329
    b5b0f81afe7b11b4baa317cc5b908162: 1.13999999
    fd22cdda90c859f46b4cf90d432c6cd7: .0188999996
    b8ebf6eb5b484fa4ab8ed1972f387d5f: -1917
    8099a30dc473b0848994b61752f2df0d: -200
    1938fe3e2a81ab545b39cd7936f820bc: -6408
    5223375ffd857c1488c9363770b02c69: 2.9000001
    c971995f0780e6f449bc4c15bb561f3b: -35
  m_TransitionOverrides: {}
--- !u!245 &24503558
AudioMixerSnapshotController:
  m_ObjectHideFlags: 0
  m_PrefabParentObject: {fileID: 0}
  m_PrefabInternal: {fileID: 0}
  m_Name: Inside
  m_AudioMixer: {fileID: 24100000}
  m_SnapshotID: af4a271c63940114a97f7656f01abaaa
  m_FloatValues:
    ad1b67503076d7a4b892ea77c12c9e51: 0
    0f9456b08a979bf4f8d4f6d99a0f75b7: 97
    f43d4b012142ef748902b2dc786a1ca5: -200
    1f9bd2211df2cea48a83c006305aeb53: -71
    9e331061dd1a1d64fa07ad98bb57fadc: 20000
    c40fef91bfe862e4f9c69e4f07171fcd: 2.0999999
    c5bf84d18d52edb48b3b422469d59313: 2
    889f9bf17a80e924c89e523ab911401b: 4.64809608
    74d2ccf1727315946a63296fb7b2b7dc: 219
    ba967a9211edb164096f6a68863a8841: .0469999984
    d1f42073f20d73c4a96f5fa33e05e9b2: 80.1999969
    4a6ec5c3e1751a5409b7a815662b4b8b: -1799
    58c27bc3b21f5604792395c5a3842e17: 59.5999985
    b85a247466e86374592fa6f07622f476: -2112
    38cd86f52a35d44428ad014bec3a0551: -59.6067619
    8bc3fbf557ebd314995c0cd2a6805093: .949999988
    94093a660c4413c419ed278a4217c206: -10000
    9034f2c613a00214dbeb8e7f4fc5539f: -9.96026325
    371cbec622519a5439af8bc0e598cf3d: .230000004
    c0c0d1574f0294743b42e0f7d3cf7ee1: 0
    1e3375575a206f54b95dab40148df892: 0
    b3257b872060f7544b154b0b743c455d: -86
    aa028f875de37204bb2ae3a2f5afb06a: 1033
    16df1668caec03c4f98c4383d6b694c3: .10800299
    710e70a891576614988f59a6d8ae93df: .212000012
    a9c5e0294d484ba49a443d34c8d4a75a: .108000003
    0e08e0297f5a76e4c9ad4760ff97723c: 15127
    26043329961bb2447a38b5638c2dee65: 0
    b5b0f81afe7b11b4baa317cc5b908162: 2
    843bb49aa18d9674499efd07e14aea84: 4150
    fd22cdda90c859f46b4cf90d432c6cd7: .0173000004
    b793725be10fa1b48a7de7d67041949d: 0
    05b598aba1da93c489c0763d5cf4da4d: 1.5
    b8ebf6eb5b484fa4ab8ed1972f387d5f: -1562
    d413132cc9e71404d94094190a3ef886: -10000
    3a7b162c5502aaa45b7967891ccc0101: 1.5
    8099a30dc473b0848994b61752f2df0d: -202
    90b9d90d8fcd24c40a68bf0135ddd057: .0237000007
    6ff82e7dc88d45247bed8239a3842e44: -852
    1938fe3e2a81ab545b39cd7936f820bc: -6876
    faddaf3eb66d2ed4c952313bd01f67ba: -497
    7840367e4756a4a47ae2dd1518ab0ae7: 1.39999998
    3a2f26ee50717004183d5ef48c5a41f7: .0399999991
    5223375ffd857c1488c9363770b02c69: 2.9000001
    c971995f0780e6f449bc4c15bb561f3b: 0
    981ab2ef57c62a84e8ed9fffafc89952: -2343
  m_TransitionOverrides: {}
--- !u!245 &24569060
AudioMixerSnapshotController:
  m_ObjectHideFlags: 0
  m_PrefabParentObject: {fileID: 0}
  m_PrefabInternal: {fileID: 0}
  m_Name: Mute
  m_AudioMixer: {fileID: 24100000}
  m_SnapshotID: bd53f40c82a0a6140ae7a74f35dd7133
  m_FloatValues:
    c40fef91bfe862e4f9c69e4f07171fcd: 2
    74d2ccf1727315946a63296fb7b2b7dc: 0
    ba967a9211edb164096f6a68863a8841: .215000004
    94093a660c4413c419ed278a4217c206: -10000
    371cbec622519a5439af8bc0e598cf3d: .22299999
    b3257b872060f7544b154b0b743c455d: 0
    aa028f875de37204bb2ae3a2f5afb06a: 1068
    710e70a891576614988f59a6d8ae93df: .232999995
    a2e3e7b914578fe45b190aa5c88d7ed9: 9.92588329
    b8ebf6eb5b484fa4ab8ed1972f387d5f: -1917
    8099a30dc473b0848994b61752f2df0d: -200
    ea585d3e448722b458ea427145b93f40: -39.9287834
    1938fe3e2a81ab545b39cd7936f820bc: -6408
    c971995f0780e6f449bc4c15bb561f3b: -35
  m_TransitionOverrides: {}
