%YAML 1.1
%TAG !u! tag:unity3d.com,2011:
--- !u!241 &24100000
AudioMixerController:
  m_ObjectHideFlags: 0
  m_PrefabParentObject: {fileID: 0}
  m_PrefabInternal: {fileID: 0}
  m_Name: MusicMix
  m_OutputGroup: {fileID: 0}
  m_MasterGroup: {fileID: 24300001}
  m_Snapshots:
  - {fileID: 24587808}
  - {fileID: 24510126}
  - {fileID: 24569654}
  - {fileID: 24501788}
  m_StartSnapshot: {fileID: 24587808}
  m_SuspendThreshold: -80
  m_EnableSuspend: 1
  m_ExposedParameters: []
  m_AudioMixerGroupViews:
  - guids:
    - 9caf041ce9c0f2e4186db5d9b0c70de2
    - f8178bf21255bec40a310193316569fb
    - afc7ce73cac2d5b4b9f04ed21556d34d
    name: View
  m_CurrentViewIndex: 0
  m_TargetSnapshot: {fileID: 24501788}
--- !u!243 &24300001
AudioMixerGroupController:
  m_ObjectHideFlags: 0
  m_PrefabParentObject: {fileID: 0}
  m_PrefabInternal: {fileID: 0}
  m_Name: Master
  m_AudioMixer: {fileID: 24100000}
  m_GroupID: 9caf041ce9c0f2e4186db5d9b0c70de2
  m_Children:
  - {fileID: 24351560}
  - {fileID: 24302786}
  m_Volume: 5326d5332707485478b99e96a4e2a4fc
  m_Pitch: 93183cddc0afcfa4cb42f82ae40f2eb1
  m_Effects:
  - {fileID: 24400002}
  m_UserColorIndex: 0
  m_Mute: 0
  m_Solo: 0
  m_BypassEffects: 0
--- !u!243 &24302786
AudioMixerGroupController:
  m_ObjectHideFlags: 0
  m_PrefabParentObject: {fileID: 0}
  m_PrefabInternal: {fileID: 0}
  m_Name: CursedBook
  m_AudioMixer: {fileID: 24100000}
  m_GroupID: afc7ce73cac2d5b4b9f04ed21556d34d
  m_Children: []
  m_Volume: d2daaac8353a86f43b2d02de347c2ff1
  m_Pitch: de6547ee86fce3c41a852c5a051e769d
  m_Effects:
  - {fileID: 24482938}
  - {fileID: 24417334}
  m_UserColorIndex: 0
  m_Mute: 0
  m_Solo: 0
  m_BypassEffects: 0
--- !u!243 &24351560
AudioMixerGroupController:
  m_ObjectHideFlags: 0
  m_PrefabParentObject: {fileID: 0}
  m_PrefabInternal: {fileID: 0}
  m_Name: AmbientMusic
  m_AudioMixer: {fileID: 24100000}
  m_GroupID: f8178bf21255bec40a310193316569fb
  m_Children: []
  m_Volume: fd0b0ddc11ba85844a539764db383e66
  m_Pitch: 24e03edbdfffa104db3a9a6af84fd085
  m_Effects:
  - {fileID: 24444068}
  m_UserColorIndex: 0
  m_Mute: 0
  m_Solo: 0
  m_BypassEffects: 0
--- !u!244 &24400002
AudioMixerEffectController:
  m_ObjectHideFlags: 3
  m_PrefabParentObject: {fileID: 0}
  m_PrefabInternal: {fileID: 0}
  m_Name: 
  m_EffectID: f095ffddd0ee01145980bdb803e7a8d8
  m_EffectName: Attenuation
  m_MixLevel: dc4d5d2072e555146b86c97f3d6e48b2
  m_Parameters: []
  m_SendTarget: {fileID: 0}
  m_EnableWetMix: 0
  m_Bypass: 0
--- !u!244 &24417334
AudioMixerEffectController:
  m_ObjectHideFlags: 3
  m_PrefabParentObject: {fileID: 0}
  m_PrefabInternal: {fileID: 0}
  m_Name: 
  m_EffectID: faffdcb65390a9d4d9b8606c8f352959
  m_EffectName: SFX Reverb
  m_MixLevel: 6784ae57182f3e640b92be00360eebc8
  m_Parameters:
  - m_ParameterName: Dry Level
    m_GUID: 4d769606237a0e54d8d473c17f2d80d8
  - m_ParameterName: Room
    m_GUID: 660872c226972644f9c7fa8b32f80b2c
  - m_ParameterName: Room HF
    m_GUID: eb84bc88f43fe334f9a44b9bbae1e5bd
  - m_ParameterName: Decay Time
    m_GUID: 69fcf5d69d8da5044b8ad8aac64e175b
  - m_ParameterName: Decay HF Ratio
    m_GUID: 8519d455377104140a904e4dedbe0930
  - m_ParameterName: Reflections
    m_GUID: ae09dd6ba5c8c0445b796aa132bfda73
  - m_ParameterName: Reflect Delay
    m_GUID: 48434a1681e95844ebbab6d6e38197d5
  - m_ParameterName: Reverb
    m_GUID: 4176136d8878d0c40a61575e6cf0ab1c
  - m_ParameterName: Reverb Delay
    m_GUID: 50ad3be65c6ac1c45832cc5695f09ade
  - m_ParameterName: Diffusion
    m_GUID: 87b406bfe9a63df42a0fddd85541a404
  - m_ParameterName: Density
    m_GUID: 7c907a175fdfb6242b074b90e5bf798f
  - m_ParameterName: HF Reference
    m_GUID: bb16400e12f99f04b8efcf3557cf171e
  - m_ParameterName: Room LF
    m_GUID: 4fac7d8cd02a1ea4a948249f573c469f
  - m_ParameterName: LF Reference
    m_GUID: 6a8c31c4b02369a4cb33f06d298f1bc9
  m_SendTarget: {fileID: 0}
  m_EnableWetMix: 0
  m_Bypass: 0
--- !u!244 &24444068
AudioMixerEffectController:
  m_ObjectHideFlags: 3
  m_PrefabParentObject: {fileID: 0}
  m_PrefabInternal: {fileID: 0}
  m_Name: 
  m_EffectID: 09c0f375f22476446b12ccf256311ccc
  m_EffectName: Attenuation
  m_MixLevel: 96d99bebf36276e4090f1810a73fdc8d
  m_Parameters: []
  m_SendTarget: {fileID: 0}
  m_EnableWetMix: 0
  m_Bypass: 0
--- !u!244 &24482938
AudioMixerEffectController:
  m_ObjectHideFlags: 3
  m_PrefabParentObject: {fileID: 0}
  m_PrefabInternal: {fileID: 0}
  m_Name: 
  m_EffectID: 6cae2102260ccd14ba827230a702f478
  m_EffectName: Attenuation
  m_MixLevel: a6b0396b5c03dcc4ea45f002a5dc78ce
  m_Parameters: []
  m_SendTarget: {fileID: 0}
  m_EnableWetMix: 0
  m_Bypass: 0
--- !u!245 &24501788
AudioMixerSnapshotController:
  m_ObjectHideFlags: 0
  m_PrefabParentObject: {fileID: 0}
  m_PrefabInternal: {fileID: 0}
  m_Name: HoldingBook
  m_AudioMixer: {fileID: 24100000}
  m_SnapshotID: efa9f858d8798e94cbf8bd97ed665b33
  m_FloatValues:
    660872c226972644f9c7fa8b32f80b2c: -2272
    6a8c31c4b02369a4cb33f06d298f1bc9: 244
    dbd2f9c5b11799540aba9760a4fd497a: -80
    4d769606237a0e54d8d473c17f2d80d8: 0
    69fcf5d69d8da5044b8ad8aac64e175b: 4.80000019
    7c907a175fdfb6242b074b90e5bf798f: 90
    e9412b182fc99a241ab68f98f8cf0a06: -80
    d2daaac8353a86f43b2d02de347c2ff1: -8.36240864
    4fac7d8cd02a1ea4a948249f573c469f: 0
    fd0b0ddc11ba85844a539764db383e66: -80
    4176136d8878d0c40a61575e6cf0ab1c: 937
    bb16400e12f99f04b8efcf3557cf171e: 13270
    e8cd947f99ef83844958b7a8fc378aa7: .135525838
    87b406bfe9a63df42a0fddd85541a404: 83.6999969
  m_TransitionOverrides: {}
--- !u!245 &24510126
AudioMixerSnapshotController:
  m_ObjectHideFlags: 0
  m_PrefabParentObject: {fileID: 0}
  m_PrefabInternal: {fileID: 0}
  m_Name: AmbientMusic
  m_AudioMixer: {fileID: 24100000}
  m_SnapshotID: ecca45c16b538f14291743644509c6e3
  m_FloatValues:
    dbd2f9c5b11799540aba9760a4fd497a: -80
    e9412b182fc99a241ab68f98f8cf0a06: -80
    fd0b0ddc11ba85844a539764db383e66: -12.0820227
  m_TransitionOverrides: {}
--- !u!245 &24569654
AudioMixerSnapshotController:
  m_ObjectHideFlags: 0
  m_PrefabParentObject: {fileID: 0}
  m_PrefabInternal: {fileID: 0}
  m_Name: NoAmbientMusic
  m_AudioMixer: {fileID: 24100000}
  m_SnapshotID: e04e47d4b0f3e714cbc3e634a7f6dc67
  m_FloatValues:
    660872c226972644f9c7fa8b32f80b2c: -2272
    6a8c31c4b02369a4cb33f06d298f1bc9: 244
    dbd2f9c5b11799540aba9760a4fd497a: -80
    4d769606237a0e54d8d473c17f2d80d8: 0
    69fcf5d69d8da5044b8ad8aac64e175b: 4.80000019
    7c907a175fdfb6242b074b90e5bf798f: 90
    e9412b182fc99a241ab68f98f8cf0a06: -80
    4fac7d8cd02a1ea4a948249f573c469f: 0
    fd0b0ddc11ba85844a539764db383e66: -80
    4176136d8878d0c40a61575e6cf0ab1c: 937
    bb16400e12f99f04b8efcf3557cf171e: 13270
    e8cd947f99ef83844958b7a8fc378aa7: .135525838
    87b406bfe9a63df42a0fddd85541a404: 83.6999969
  m_TransitionOverrides: {}
--- !u!245 &24587808
AudioMixerSnapshotController:
  m_ObjectHideFlags: 0
  m_PrefabParentObject: {fileID: 0}
  m_PrefabInternal: {fileID: 0}
  m_Name: Quiet
  m_AudioMixer: {fileID: 24100000}
  m_SnapshotID: d13ea736a868b294db11530d5ddf41cf
  m_FloatValues:
    dbd2f9c5b11799540aba9760a4fd497a: -80
    e9412b182fc99a241ab68f98f8cf0a06: -80
    fd0b0ddc11ba85844a539764db383e66: -25.0866871
  m_TransitionOverrides: {}
